<?xml version="1.0" encoding="UTF-8"?><collection xmlns="http://www.loc.gov/MARC21/slim"><record><leader>00495nam--2200133-i-4500</leader><controlfield tag="001">000011932</controlfield><controlfield tag="002">20161230</controlfield><controlfield tag="005">20161230201029</controlfield><controlfield tag="008">060222s1000------------r-----000-0-eng-d</controlfield><datafield ind1=" " ind2=" " tag="080"><subfield code="a">530.145:530.145.6(043)</subfield></datafield><datafield ind1=" " ind2=" " tag="100"><subfield code="a">Combe, Philippe</subfield></datafield><datafield ind1=" " ind2=" " tag="245"><subfield code="a">Symetrie des champs electromagnetique. applic ations a l`etude de quelques systemes plonges dans dses champs de symetrie donnee, these</subfield></datafield><datafield ind1=" " ind2=" " tag="260"><subfield code="a">Aix-marseille, L~uer Scientifique De Lumine Universite D`Aix-marseille 11, 1974 Dif.P</subfield></datafield><datafield ind1=" " ind2=" " tag="852"><subfield code="a">44193</subfield></datafield></record></collection>